@online{apip,
    title={Api platform documentation},
    url={api-platform.com}
}

@online{laravel,
    title={Laravel documentation},
    url={laravel.com}
}

@online{rmq,
    title={RabbitMQ documentation},
    url={rabbitmq.com}
}

@misc{stack,
    title={Stackoverflow},
    url={stackoverflow.com},
    note={Forum dédié à la programmation, mine d'or pour trouver tout type de solutions, à tout type de problèmes}
}

@online{node, 
    title={NodeJS},
    url={nodejs.org},
    note={Documentation de NodeJS}
    }
